@article{language-instances,
  title={On the Efficient Generation of Language Instances},
  author={Laura A. Sanchis AND Mark A. Fulk},
  journaltitle={SIAM Journal on Computing},
  year={1990},
  volume={19},
  number={2},
  pages={281--296},
  doi={10.1137/0219019},
  url={https://epubs.siam.org/doi/abs/10.1137/0219019},
}

@article{test-gen-complexity,
  title={On the complexity of test case generation for NP-hard problems},
  author={Laura A. Sanchis},
  journaltitle={Information Processing Letters},
  date={1990-11-01},
  volume={36},
  issue={3},
  pages={135--140},
  doi={10.1016/0020-0190(90)90082-9},
  url={https://www.sciencedirect.com/science/article/pii/0020019090900829},
}

@article{hard-diverse-graph-tests,
  title={Generating hard and diverse test sets for NP-hard graph problems},
  author={Laura A. Sanchis},
  journaltitle={Discrete Applied Mathematics},
  date={1995-03-10},
  volume={58},
  issue={1},
  pages={35--66},
  doi={10.1016/0166-218X(93)E0140-T},
  url={https://www.sciencedirect.com/science/article/pii/0166218X93E0140T},
}

@article{stable-marriage-generation,
  title={Hardness of Instance Generation with Optimal Solutions for the Stable Marriage Problem},
  author={Yuki Matsuyama AND Shuichi Miyazaki},
  journaltitle={Journal of Information Processing},
  year={2021},
  volume={29},
  pages={166--173},
  url={https://www.jstage.jst.go.jp/article/ipsjjip/29/0/29_166/_article},
  doi={10.2197/ipsjjip.29.166},
}

@article{strategy-solvable-sudoku,
  title={Exact Method for Generating Strategy-Solvable Sudoku Clues},
  author={Kohei Nishikawa AND Takahisa Toda},
  journaltitle={Algorithms},
  date={2020-07-16},
  volume={13},
  issue={7}, % article #171
  doi={10.3390/a13070171},
  url={https://www.mdpi.com/1999-4893/13/7/171},
}

@article{random-latin-squares-sudoku,
  title={Random Latin squares and Sudoku designs generation},
  author={Roberto Fontana},
  journaltitle={Electronic Journal of Statistics},
  volume={8},
  issue={1},
  doi={10.1214/14-EJS913},
  pages={883--893},
  year={2014},
  url={https://projecteuclid.org/journals/electronic-journal-of-statistics/volume-8/issue-1/Random-Latin-squares-and-Sudoku-designs-generation/10.1214/14-EJS913.full},
}

@article{sudoku-education,
  title={Generating Sudoku puzzles and its applications in teaching mathematics},
  author={Ryan Evans AND Brett Lindner AND Yixun Shi},
  journaltitle={International Journal of Mathematical Education in Science and Technology},
  volume={42},
  issue={5},
  date={2011-04-18},
  url={https://www.tandfonline.com/doi/full/10.1080/0020739X.2011.562316},
  doi={10.1080/0020739X.2011.562316},
}

@inproceedings{conp-approximation,
  title={Approximation of coNP sets by NP-complete sets},
  author={Kazuo Iwama AND Shuichi Miyazaki},
  editor={Ding-Zhu Du AND Ming Li},
  booktitle={Computing and Combinatorics},
  year={1995},
  url={https://link.springer.com/chapter/10.1007%2FBFb0030815},
  doi={10.1007/BFb0030815},
  isbn={978-3-540-44733-7},
}

@inbook{complexity-issues-test-cases,
  title={Some Complexity Issues Involved in the Construction of Test Cases For NP-hard Problems},
  author={Laura Angelica Sanchis},
  booktitle={Complexity in Numerical Optimization},
  pages={406--428},
  year={1993},
  doi={10.1142/9789814354363_0018},
  url={https://www.worldscientific.com/doi/abs/10.1142/9789814354363_0018},
}

@inproceedings{unique-sudoku-poly,
  title={A New Algorithm for Generating Unique-Solution Sudoku},
  author={Baochen Sun AND Xiwei Sun AND Yue Wu AND; Yiling Yin AND; Goping Yang},
  booktitle={Fourth International Conference on Natural Computation},
  date={2008-10},
  doi={10.1109/ICNC.2008.788},
  isbn={978-0-7695-3304-9},
  url={https://ieeexplore.ieee.org/stamp/stamp.jsp?tp=&arnumber=4667974},
}

@article{difficulty-driven-sudoku,
  title={Difficulty-Driven Sudoku Puzzle Generation},
  author={Martin Hunt AND Christopher Pong AND George Tucker},
  journal={The UMAP Journal},
  volume={29},
  number={3},
  pages={343--362},
  url={http://www.dxsx.net/admin/editor/upload/201501/2015010113383078.pdf},
}

@article{sudoku-difficulty-oracle,
  title={Taking the Mystery Out of Sudoku Difficulty: An Oracular Model},
  author={Sarah Fletcher AND Frederick Johnson AND David R. Morrison},
  journal={The UMAP Journal},
  volume={29},
  number={3},
  pages={321--341},
  url={http://www.dxsx.net/admin/editor/upload/201501/2015010113383078.pdf},
}

@article{steiner-graph-generator,
  title={A test problem generator for the Steiner problem in graphs},
  author={B. N. Khoury AND Panos M. Pardalos AND Dingzhu Du},
  journal={ACM Transactions on Mathematical Software},
  volume={19},
  number={4},
  date={1993-12-01},
  pages={509--522},
  doi={10.1145/168173.168420},
  url={https://dl.acm.org/doi/abs/10.1145/168173.168420},
}

@article{maximum-clique-generators,
  title={Some Experimental and Theoretical Results on Test Case Generators for the Maximum Clique Problem},
  author={Laura A. Sanchis AND Arun Jagota},
  journal={INFORMS Journal on Computing},
  volume={8},
  number={2},
  date={1996-05-01},
  doi={10.1287/ijoc.8.2.87},
  url={https://pubsonline.informs.org/doi/abs/10.1287/ijoc.8.2.87?journalCode=ijoc}
}
