
@inproceedings{schaefer.deriving,
  author={Thomas J. Schaefer},
  title={Complexity of decision problems based on finite two-person perfect-information games},
  booktitle={STOC '76: Proceedings of the eighth annual ACM symposium on Theory of computing},
  date={1976-05-03},
  pages={41--49},
  doi={https://doi.org/10.1145/800113.803629},
}


@article{schaefer.games,
  author={Thomas J. Schaefer},
  title={On the complexity of some two-person perfect-information games},
  journal={Journal of Computer and System Sciences},
  volume={16},
  issue={2},
  month={4},
  year={1978},
  pages={185--225},
  doi={https://doi.org/10.1016/0022-0000(78)90045-4},
}

@inproceedings{demaine.acgt,
  author={Erik D. Demaine},
  booktitle={MFCS 2001: Mathematical Foundations of Computer Science 2001},
  title={Playing Games with Algorithms: Algorithmic Combinatorial Game Theory},
  year={2001},
  pages={18--33},
  doi={https://doi.org/10.1007/3-540-44683-4_3},
}

@inproceedings{bodlaender.coloring,
  author={Hans L. Bodlaender},
  title={On the complexity of some coloring games},
  booktitle={WG 1990: Graph-Theoretic Concepts in Computer Science},
  pages={30--40},
  year={1991},
  volume={484},
  doi={https://doi.org/10.1007/3-540-53832-1_29},
}

@article{bh.placement,
  author={Kyle Burke AND Robert A. Hearn},
  title={PSPACE-complete two-color planar placement games},
  journal={International Journal of Game Theory},
  volume={48},
  pages={393--410},
  year={2019},
  doi={https://doi.org/10.1007/s00182-018-0628-8},
}

@article{kbd.impartial,
  author={G. Beaulieu AND K. Burke AND E. Duch\^ene},
  title={Impartial coloring games},
  journal={Theoretical Computer Science},
  date={2013-05-13},
  volume={485},
  pages={49--60},
  doi={https://doi.org/10.1016/j.tcs.2013.02.032},
}

@article{cpss.coloring,
  author={Eurinardo Costa AND Victor Lage Pessoa AND Rudini Sampaio AND Ronan Soares},
  title={PSPACE-hardness of Two Graph Coloring Games},
  doi={https://doi.org/10.1016/j.entcs.2019.08.030},
  journal={Electronic Notes in Theoretical Computer Science},
  volume={346},
  date={2019-08-30},
  pages={333-344},
}

@article{ddls.sat-variants-ph,
  author={Janosch D\"ocker AND Britta Dorn AND Simone Linz AND Charles Semple},
  title={Placing quantified variants of 3-SAT and Not-All-Equal 3-SAT in the polynomial hierarchy},
  journal={Theoretical Computer Science},
  volume={822},
  date={2020-06-24},
  pages={72--91},
  doi={https://doi.org/10.1016/j.tcs.2020.04.003},
}

@article{stockmeyer.ph,
  author={Larry J. Stockmeyer},
  title={The polynomial-time hierarchy},
  journal={Theoretical Computer Science},
  volume={3},
  issue={1},
  year={1976},
  month={10},
  pages={1--22},
  doi={https://doi.org/10.1016/0304-3975(76)90061-X},
}

@book{papadimitriou.cc,
  author={Christos H. Papadimitriou},
  title={Computational Complexity},
  year={1993},
  publisher={Addison-Wesley},
  location={University of California -- San Diego},
}

@inproceedings{cook.np,
  author={Stephen A. Cook},
  title={The complexity of theorem-proving procedures},
  booktitle={STOC '71: Proceedings of the third annual ACM symposium on Theory of computing},
  year={1971},
  month={05},
  pages={151--158},
  doi={https://doi.org/10.1145/800157.805047},
}

@article{ladner.cval,
  author={Richard E. Ladner},
  title={The circuit value problem is log space complete for P},
  journal={ACM SIGACT News},
  volume={7},
  issue={1},
  date={1975-01-01},
  pages={18--20},
  doi={https://doi.org/10.1145/990518.990519},
}

@article{wrathall.qsat,
  author={Celia Wrathall},
  title={Complete sets and the polynomial-time hierarchy},
  journal={Theoretical Computer Science},
  volume={3},
  issue={1},
  year={1976},
  month={10},
  pages={23--33},
  doi={https://doi.org/10.1016/0304-3975(76)90062-1},
}

@inproceedings{karp.np,
  author={Richard M. Karp},
  title={Reducibility among Combinatorial Problems},
  booktitle={Complexity of Computer Computations},
  year={1972},
  doi={https://doi.org/10.1007/978-1-4684-2001-2_9},
  isbn={978-1-4684-2001-2},
  url={http://cgi.di.uoa.gr/~sgk/teaching/grad/handouts/karp.pdf},
}

@online{potapov.3col,
  author={Igor Potapov},
  title={3-Coloring is NP-Complete},
  year={2020},
  url={https://cgi.csc.liv.ac.uk/~igor/COMP309/3CP.pdf},
}

@online{eppstein.cgt,
  author={David Eppstein},
  title={Computational Complexity of Games and Puzzles},
  url={https://www.ics.uci.edu/~eppstein/cgt/hard.html},
}
